@book{aitchison,
  author = "John Aitchison",
  title = "The Statistical Analysis of Compositional Data",
  year = "1986",
  publisher = "Chapman and Hall",
  address = "London, UK"
}

@article{friedmanjer,
  author = "Jerome Friedman and Trevor Hastie and Robert Tibshirani",
  title = "Sparse inverse covariance estimation with the graphical lasso",
  year = "2008",
  journal = "Biostatistics",
  volume = "9",
  number = "3",
  pages = "432--441"
}

@article{friedmanjon,
  author = "Jonathan Friedman and Eric J. Alm",
  title = "Inferring correlation networks from genomic survey data",
  year = "2012",
  journal = "PLoS Computational Biology",
  volume = "8",
  number = "9",
  pages = "e1002687"
}

@article{gloor,
  author = "Gregory B. Gloor and Jia Rong Wu and Vera Pawlowsky-Glahn",
  title = "It's all relative: analyzing microbiome data as compositions",
  year = "2016",
  journal = "Annals of Epidemiology",
  volume = "26",
  pages = "322--329"
}

@article{kurtz,
  author = "Zachary D. Kurtz and Christian L. M{\"u}ller and Emily R. Miraldi and Dan R. Littman and Martin J. Blaser and Richard A. Bonneau",
  title = "Sparse and compositionally robust inference of microbial ecological networks",
  year = "2015",
  journal = "PLoS Computational Biology",
  volume = "11",
  number = "5",
  pages = "e1004226"
}

@article{tsilimigras,
  author = "Matthew C.B. Tsilimigras and Anthony A. Fodor",
  title = "Compositional data analysis of the microbiome: fundamentals, tools, and challenges",
  year = "2016",
  journal = "Annals of Epidemiology",
  volume = "26",
  pages = "330--335"
}